@inproceedings{agarwal2010optimal,
	title={Optimal Algorithms for Online Convex Optimization with Multi-Point Bandit Feedback.},
	author={Agarwal, Alekh and Dekel, Ofer and Xiao, Lin},
	booktitle={COLT},
	pages={28--40},
	year={2010},
	organization={Citeseer}
}

@inproceedings{mokhtari2016online,
	title={Online optimization in dynamic environments: Improved regret rates for strongly convex problems},
	author={Mokhtari, Aryan and Shahrampour, Shahin and Jadbabaie, Ali and Ribeiro, Alejandro},
	booktitle={2016 IEEE 55th Conference on Decision and Control (CDC)},
	pages={7195--7201},
	year={2016},
	organization={IEEE}
}

@article{flaxman2004online,
	title={Online convex optimization in the bandit setting: gradient descent without a gradient},
	author={Flaxman, Abraham D and Kalai, Adam Tauman and McMahan, H Brendan},
	journal={arXiv preprint cs/0408007},
	year={2004}
}
